@article{lightning_network,
    author = {Poon, Joseph and Dryja, Thaddeus},
    citeulike-article-id = {14035315},
    citeulike-linkout-0 = {https://lightning.network/lightning-network-paper.pdf},
    keywords = {blockchain, consensus, scalability},
    posted-at = {2016-05-15 09:52:15},
    priority = {2},
    title = {{The Bitcoin Lightning Network:
Scalable Off-Chain Instant Payments}},
    url = {https://lightning.network/lightning-network-paper.pdf}
}

@misc{lightning_network_specs,
  author = {lightningnetwork},
  title = {{Lightning Network In-Progress Specifications}},
  howpublished = "\url{https://github.com/lightningnetwork/lightning-rfc}",
  note = "[Online; accessed 28-November-2019]"
}

@article{bitcoin,
    author = {Nakamoto, Satoshi},
    title = {Bitcoin: A peer-to-peer electronic cash system},
    url = {http://www.bitcoin.org/bitcoin.pdf},
    year = 2009
}

@unpublished{ln_analysis,
    author = {Calhas, David and Valente, João},
    title = {A Lightning Network Analysis},
    year = 2019
}

@misc{bitcoin_script,
    author = "{Bitcoin Wiki contributors}",
    title = "Bitcoin Script Documentation",
    year = "2010",
    howpublished = "\url{https://en.bitcoin.it/wiki/Script}",
    note = "[Online; accessed 13-November-2019]"
}
  
@misc{amp,
    author = "{Fromknecht, Conner and Osuntokun, Olaoluwa}",
    title = "AMP: Atomic Multi-Path Payments over Lightning",
    year = "2018",
    howpublished = "\url{  https://lists.linuxfoundation.org/pipermail/lightning-dev/2018-February/000993.html}",
    note = "[Online; accessed 16-December-2019]"
}
  
@misc{c-lightning_0.8,
    author = "{Blockstream}",
    title = "Released: c-lightning 0.8.0",
    year = "2019",
    howpublished = "\url{  https://medium.com/blockstream/released-c-lightning-0-8-0-88556f5f964e}",
    note = "[Online; accessed 21-December-2019]"
}
  
@misc{libsecp256k1,
    author = "{Bitcoin contributors}",
    title = "Bitcoin secp256k1 library",
    year = "2010",
    howpublished = "\url{https://github.com/bitcoin-core/secp256k1}",
    note = "[Online; accessed 13-January-2020]"
}

@book{network_science,
  author = {Barabási, Albert-László and Pósfai, Márton},
  description = {Network Science: Albert-László Barabási},
  interhash = {2dcba3ae6b58627716c5d2a63f7c0855},
  intrahash = {2a71231091413325c03aaed76c32a66b},
  isbn = {9781107076266 1107076269},
  publisher = {Cambridge University Press},
  title = {Network Science},
  url = {http://barabasi.com/networksciencebook/},
  year = 2016
}